<record><leader>00000cas a22000007a 4500</leader><controlfield tag="001">11151304</controlfield><controlfield tag="008">840913d18241842wvuwr ne      0   a0eng d</controlfield><datafield ind1=" " ind2=" " tag="010"><subfield code="a">sn 84031597 </subfield></datafield><datafield ind1=" " ind2=" " tag="040"><subfield code="a">NYG</subfield><subfield code="b">eng</subfield><subfield code="c">NYG</subfield><subfield code="d">NPX</subfield><subfield code="d">WVC</subfield><subfield code="d">DLC</subfield><subfield code="d">WVC</subfield><subfield code="d">DLC</subfield><subfield code="d">CNK</subfield><subfield code="d">NVK</subfield><subfield code="d">OCL</subfield><subfield code="d">OCLCF</subfield><subfield code="d">OCLCO</subfield></datafield><datafield ind1="1" ind2=" " tag="029"><subfield code="a">AU@</subfield><subfield code="b">000025802062</subfield></datafield><datafield ind1=" " ind2=" " tag="042"><subfield code="a">msc</subfield></datafield><datafield ind1="0" ind2="0" tag="050"><subfield code="a">Newspaper 10212</subfield></datafield><datafield ind1="0" ind2=" " tag="130"><subfield code="a">Wheeling gazette (Wheeling, Va. : 1824)</subfield></datafield><datafield ind1="0" ind2="0" tag="245"><subfield code="a">Wheeling gazette.</subfield></datafield><datafield ind1=" " ind2=" " tag="260"><subfield code="a">Wheeling, Va. [W. Va.] :</subfield><subfield code="b">Robert I. Curtis,</subfield><subfield code="c">1824-</subfield></datafield><datafield ind1=" " ind2=" " tag="300"><subfield code="a">v. :</subfield><subfield code="b">ill. ;</subfield><subfield code="c">49-54 cm.</subfield></datafield><datafield ind1=" " ind2=" " tag="310"><subfield code="a">Weekly</subfield></datafield><datafield ind1="0" ind2=" " tag="362"><subfield code="a">Vol 4, no. 192 (May 8, 1824)-</subfield></datafield><datafield ind1="1" ind2=" " tag="362"><subfield code="a">Ceased in 1842?</subfield><subfield code="z">Cf. Norona and Shetler.  W.Va. Imprints.</subfield></datafield><datafield ind1=" " ind2=" " tag="500"><subfield code="a">Publishers: Robert I. Curtis, 1824-1828; Curtis &amp; M.C. Hull, 1828; Curtis, 1829-1834; Samuel H. Davis, 1835-1838; John M. M'Creary, 1838-1842.</subfield></datafield><datafield ind1=" " ind2=" " tag="580"><subfield code="a">Issued also in triweekly editions: Wheeling gazette (Wheeling, Va.  : 1835), and: Wheeling tri-weekly gazette</subfield></datafield><datafield ind1=" " ind2=" " tag="580"><subfield code="a">Issued also in a daily ed.: Wheeling daily gazette.</subfield></datafield><datafield ind1=" " ind2="0" tag="651"><subfield code="a">Wheeling (W. Va.)</subfield><subfield code="v">Newspapers.</subfield></datafield><datafield ind1=" " ind2="7" tag="655"><subfield code="a">Newspapers.</subfield><subfield code="2">fast</subfield><subfield code="0">(OCoLC)fst01423814</subfield></datafield><datafield ind1=" " ind2="7" tag="651"><subfield code="a">West Virginia</subfield><subfield code="z">Wheeling.</subfield><subfield code="2">fast</subfield><subfield code="0">(OCoLC)fst01213675</subfield></datafield><datafield ind1=" " ind2=" " tag="752"><subfield code="a">United States</subfield><subfield code="b">West Virginia</subfield><subfield code="c">Ohio</subfield><subfield code="d">Wheeling.</subfield></datafield><datafield ind1="1" ind2=" " tag="775"><subfield code="t">Wheeling gazette (Wheeling, Va. : 1835)</subfield><subfield code="w">(DLC)sn 86092496</subfield></datafield><datafield ind1="1" ind2=" " tag="775"><subfield code="t">Wheeling tri-weekly gazette</subfield><subfield code="w">(DLC)sn 86053005</subfield></datafield><datafield ind1="1" ind2=" " tag="775"><subfield code="t">Wheeling daily gazette</subfield><subfield code="w">(DLC)sn 86092495</subfield></datafield><datafield ind1="0" ind2="0" tag="780"><subfield code="t">Va. north-western gazette</subfield><subfield code="w">(DLC)sn 83025147</subfield></datafield></record>